@String(PAMI = {IEEE Trans. Pattern Anal. Mach. Intell.})
@String(IJCV = {Int. J. Comput. Vis.})
@String(CVPR= {IEEE Conf. Comput. Vis. Pattern Recog.})
@String(ICCV= {Int. Conf. Comput. Vis.})
@String(ECCV= {Eur. Conf. Comput. Vis.})
@String(NIPS= {Adv. Neural Inform. Process. Syst.})
@String(ICPR = {Int. Conf. Pattern Recog.})
@String(BMVC= {Brit. Mach. Vis. Conf.})
@String(TOG= {ACM Trans. Graph.})
@String(TIP  = {IEEE Trans. Image Process.})
@String(TVCG  = {IEEE Trans. Vis. Comput. Graph.})
@String(TMM  = {IEEE Trans. Multimedia})
@String(ACMMM= {ACM Int. Conf. Multimedia})
@String(ICME = {Int. Conf. Multimedia and Expo})
@String(ICASSP=	{ICASSP})
@String(ICIP = {IEEE Int. Conf. Image Process.})
@String(ACCV  = {ACCV})
@String(ICLR = {Int. Conf. Learn. Represent.})
@String(IJCAI = {IJCAI})
@String(PR   = {Pattern Recognition})
@String(AAAI = {AAAI})
@String(CVPRW= {IEEE Conf. Comput. Vis. Pattern Recog. Worksh.})
@String(CSVT = {IEEE Trans. Circuit Syst. Video Technol.})

@String(SPL	= {IEEE Sign. Process. Letters})
@String(VR   = {Vis. Res.})
@String(JOV	 = {J. Vis.})
@String(TVC  = {The Vis. Comput.})
@String(JCST  = {J. Comput. Sci. Tech.})
@String(CGF  = {Comput. Graph. Forum})
@String(CVM = {Computational Visual Media})


@String(PAMI  = {IEEE TPAMI})
@String(IJCV  = {IJCV})
@String(CVPR  = {CVPR})
@String(ICCV  = {ICCV})
@String(ECCV  = {ECCV})
@String(NIPS  = {NeurIPS})
@String(ICPR  = {ICPR})
@String(BMVC  =	{BMVC})
@String(TOG   = {ACM TOG})
@String(TIP   = {IEEE TIP})
@String(TVCG  = {IEEE TVCG})
@String(TCSVT = {IEEE TCSVT})
@String(TMM   =	{IEEE TMM})
@String(ACMMM = {ACM MM})
@String(ICME  =	{ICME})
@String(ICASSP=	{ICASSP})
@String(ICIP  = {ICIP})
@String(ACCV  = {ACCV})
@String(ICLR  = {ICLR})
@String(IJCAI = {IJCAI})
@String(PR = {PR})
@String(AAAI = {AAAI})
@String(CVPRW= {CVPRW})
@String(CSVT = {IEEE TCSVT})



@article{yamamoto2023development,
  title={Development of an ultrahigh resolution real time alpha particle imaging system for observing the trajectories of alpha particles in a scintillator},
  author={Yamamoto, Seiichi and Yoshino, Masao and Kamada, Kei and Yajima, Ryuga and Yoshikawa, Akira and Nakanishi, Kohei and Kataoka, Jun},
  journal={Scientific reports},
  volume={13},
  number={1},
  pages={4955},
  year={2023},
  publisher={Nature Publishing Group UK London}
}

@article{bocchieri2024scintillation,
  title={Scintillation event imaging with a single photon avalanche diode camera},
  author={Bocchieri, Alex and Charbon, Edoardo and Velten, Andreas},
  journal={Communications Engineering},
  volume={3},
  number={1},
  pages={135},
  year={2024},
  publisher={Nature Publishing Group UK London}
}

@article{mcelroy2002use,
  title={The use of retro-reflective tape for improving spatial resolution of scintillation detectors},
  author={McElroy, David P and Huang, Sung-Cheng and Hoffman, Edward J},
  journal={IEEE Transactions on Nuclear Science},
  volume={49},
  number={1},
  pages={165--171},
  year={2002},
  publisher={IEEE}
}

@article{folsom2021characterization,
  title={Characterization of retroreflective tape optical properties for use with position-sensitive scintillator detectors},
  author={Folsom, M},
  journal={Nuclear Instruments and Methods in Physics Research Section A: Accelerators, Spectrometers, Detectors and Associated Equipment},
  volume={1005},
  pages={165365},
  year={2021},
  publisher={Elsevier}
}

@article{gonzalez2017performance,
  title={Performance study of a large monolithic LYSO PET detector with accurate photon DOI using retroreflector layers},
  author={Gonzalez-Montoro, Andrea and Aguilar, Albert and Ca{\~n}izares, Gabriel and Conde, Pablo and Hern{\'a}ndez, Liczandro and Vidal, Luis F and Galasso, Matteo and Fabbri, Andrea and S{\'a}nchez, Filomeno and Benlloch, Jos{\'e} M and others},
  journal={IEEE Transactions on Radiation and Plasma Medical Sciences},
  volume={1},
  number={3},
  pages={229--237},
  year={2017},
  publisher={IEEE}
}

@inproceedings{reshetouski2011three,
  title={Three-dimensional kaleidoscopic imaging},
  author={Reshetouski, Ilya and Manakov, Alkhazur and Seidel, Hans-Peter and Ihrke, Ivo},
  booktitle={CVPR 2011},
  pages={353--360},
  year={2011},
  organization={IEEE}
}


@article{ahn2021kaleidoscopic,
  title={Kaleidoscopic structured light},
  author={Ahn, Byeongjoo and Gkioulekas, Ioannis and Sankaranarayanan, Aswin C},
  journal={ACM Transactions on Graphics (TOG)},
  volume={40},
  number={6},
  pages={1--15},
  year={2021},
  publisher={ACM New York, NY, USA}
}

@inproceedings{ahn2023neural,
  title={Neural kaleidoscopic space sculpting},
  author={Ahn, Byeongjoo and De Zeeuw, Michael and Gkioulekas, Ioannis and Sankaranarayanan, Aswin C},
  booktitle={Proceedings of the IEEE/CVF Conference on Computer Vision and Pattern Recognition},
  pages={4349--4358},
  year={2023}
}

@inproceedings{morimoto20213,
  title={3.2 megapixel 3D-stacked charge focusing SPAD for low-light imaging and depth sensing},
  author={Morimoto, Kazuhiro and Iwata, J and Shinohara, M and Sekine, H and Abdelghafar, A and Tsuchiya, H and Kuroda, Y and Tojima, K and Endo, W and Maehashi, Y and others},
  booktitle={2021 IEEE International Electron Devices Meeting (IEDM)},
  pages={20--2},
  year={2021},
  organization={IEEE}
}

@article{kataoka2013handy,
  title={Handy Compton camera using 3D position-sensitive scintillators coupled with large-area monolithic MPPC arrays},
  author={Kataoka, J and Kishimoto, A and Nishiyama, T and Fujita, T and Takeuchi, K and Kato, T and Nakamori, T and Ohsuka, S and Nakamura, S and Hirayanagi, M and others},
  journal={Nuclear Instruments and Methods in Physics Research Section A: Accelerators, Spectrometers, Detectors and Associated Equipment},
  volume={732},
  pages={403--407},
  year={2013},
  publisher={Elsevier}
}

@article{janecek2012reflectivity,
  title={Reflectivity spectra for commonly used reflectors},
  author={Janecek, Martin},
  journal={IEEE Transactions on Nuclear Science},
  volume={59},
  number={3},
  pages={490--497},
  year={2012},
  publisher={IEEE}
}



@inproceedings{xu2018trapping,
  title={Trapping light for time of flight},
  author={Xu, Ruilin and Gupta, Mohit and Nayar, Shree K},
  booktitle={Proceedings of the IEEE Conference on Computer Vision and Pattern Recognition},
  pages={6219--6227},
  year={2018}
}

@inproceedings{nene1998stereo,
  title={Stereo with mirrors},
  author={Nene, Sameer A and Nayar, Shree K},
  booktitle={Sixth International Conference on Computer Vision (IEEE Cat. No. 98CH36271)},
  pages={1087--1094},
  year={1998},
  organization={IEEE}
}

@inproceedings{gluckman1999planar,
  title={Planar catadioptric stereo: Geometry and calibration},
  author={Gluckman, Joshua and Nayar, Shree K},
  booktitle={Proceedings. 1999 IEEE Computer Society Conference on Computer Vision and Pattern Recognition (Cat. No PR00149)},
  volume={1},
  pages={22--28},
  year={1999},
  organization={IEEE}
}


@article{d2021novel,
  title={Novel imaging technique for $\alpha$-particles using a fast optical camera},
  author={D'Amen, Gabriele and Keach, Michael and Nomerotski, Andrei and Svihra, Peter and Tricoli, Alessandro},
  journal={Journal of Instrumentation},
  volume={16},
  number={02},
  pages={P02006},
  year={2021},
  publisher={IOP Publishing}
}

@article{gao2023novel,
  title={Novel imaging technique for thermal neutrons using a fast optical camera},
  author={Gao, Tianqi and D’Amen, Gabriele and Burdin, Sergey and Alsulimane, Mohammad and Campbell, Paul and Da Via, Cinzia and Nomerotski, Andrei and Roberts, Adam and Svihra, Peter and Mavrokoridis, Konstantinos and others},
  journal={Nuclear Instruments and Methods in Physics Research Section A: Accelerators, Spectrometers, Detectors and Associated Equipment},
  volume={1046},
  pages={167604},
  year={2023},
  publisher={Elsevier}
}

@article{lee2012algorithms,
  title={EM algorithms for multivariate Gaussian mixture models with truncated and censored data},
  author={Lee, Gyemin and Scott, Clayton},
  journal={Computational Statistics \& Data Analysis},
  volume={56},
  number={9},
  pages={2816--2829},
  year={2012},
  publisher={Elsevier}
}

@article{llosa2019sipm,
  title={SiPM-based Compton cameras},
  author={Llos{\'a}, G},
  journal={Nuclear Instruments and Methods in Physics Research Section A: Accelerators, Spectrometers, Detectors and Associated Equipment},
  volume={926},
  pages={148--152},
  year={2019},
  publisher={Elsevier}
}

@article{parajuli2022development,
  title={Development and applications of Compton camera—A review},
  author={Parajuli, Raj Kumar and Sakai, Makoto and Parajuli, Ramila and Tashiro, Mutsumi},
  journal={Sensors},
  volume={22},
  number={19},
  pages={7374},
  year={2022},
  publisher={MDPI}
}


@article{gonzalez2021evolution,
  title={Evolution of PET detectors and event positioning algorithms using monolithic scintillation crystals},
  author={Gonzalez-Montoro, Andrea and Gonzalez, Antonio J and Pourashraf, Shirin and Miyaoka, Robert S and Bruyndonckx, Peter and Chinn, Garry and Pierce, Larry A and Levin, Craig S},
  journal={IEEE Transactions on Radiation and Plasma Medical Sciences},
  volume={5},
  number={3},
  pages={282--305},
  year={2021},
  publisher={IEEE}
}

@article{haefner2015filtered,
  title={A filtered back-projection algorithm for 4$\pi$ compton camera data},
  author={Haefner, Andrew and Gunter, Donald and Barnowski, Ross and Vetter, Kai},
  journal={IEEE Transactions on Nuclear Science},
  volume={62},
  number={4},
  pages={1911--1917},
  year={2015},
  publisher={IEEE}
}

@article{vetter2018gamma,
  title={Gamma-Ray imaging for nuclear security and safety: Towards 3-D gamma-ray vision},
  author={Vetter, Kai and Barnowksi, Ross and Haefner, Andrew and Joshi, Tenzing HY and Pavlovsky, Ryan and Quiter, Brian J},
  journal={Nuclear Instruments and Methods in Physics Research Section A: Accelerators, Spectrometers, Detectors and Associated Equipment},
  volume={878},
  pages={159--168},
  year={2018},
  publisher={Elsevier}
}

@article{kabuki2007development,
  title={Development of electron tracking Compton camera using micro pixel gas chamber for medical imaging},
  author={Kabuki, Shigeto and Hattori, Kaori and Kohara, Ryota and Kunieda, Etsuo and Kubo, Atsushi and Kubo, Hidetoshi and Miuchi, Kentaro and Nakahara, Tadaki and Nagayoshi, Tsutomu and Nishimura, Hironobu and others},
  journal={Nuclear Instruments and Methods in Physics Research Section A: Accelerators, Spectrometers, Detectors and Associated Equipment},
  volume={580},
  number={2},
  pages={1031--1035},
  year={2007},
  publisher={Elsevier}
}

@article{oka2024high,
  title={High-energy extension of the gamma-ray band observable with an electron-tracking compton camera},
  author={Oka, Tomohiko and Ogio, Shingo and Abe, Mitsuru and Hamaguchi, Kenji and Ikeda, Tomonori and Kubo, Hidetoshi and Kurosawa, Shunsuke and Miuchi, Kentaro and Mizumura, Yoshitaka and Nakamura, Yuta and others},
  journal={Nuclear Instruments and Methods in Physics Research Section A: Accelerators, Spectrometers, Detectors and Associated Equipment},
  volume={1063},
  pages={169242},
  year={2024},
  publisher={Elsevier}
}

@article{tanimori2015electron,
  title={An electron-tracking compton telescope for a survey of the deep universe by MeV gamma-rays},
  author={Tanimori, T and Kubo, H and Takada, Aea and Iwaki, S and Komura, S and Kurosawa, S and Matsuoka, Y and Miuchi, K and Miyamoto, S and Mizumoto, T and others},
  journal={The Astrophysical Journal},
  volume={810},
  number={1},
  pages={28},
  year={2015},
  publisher={IOP Publishing}
}

@article{losko2021new,
  title={New perspectives for neutron imaging through advanced event-mode data acquisition},
  author={Losko, AS and Han, Y and Schillinger, B and Tartaglione, A and Morgano, M and Strobl, M and Long, J and Tremsin, AS and Schulz, M},
  journal={Scientific reports},
  volume={11},
  number={1},
  pages={21360},
  year={2021},
  publisher={Nature Publishing Group UK London}
}

@article{hosokoshi2019development,
  title={Development and performance verification of a 3-D position-sensitive Compton camera for imaging MeV gamma rays},
  author={Hosokoshi, Hiroki and Kataoka, Jun and Mochizuki, Saku and Yoneyama, Masaki and Ito, Soichiro and Kiji, Hiroaki and Nishi, Fumiya and Miyamoto, Shuji and Shima, Tatsushi},
  journal={Scientific reports},
  volume={9},
  number={1},
  pages={18551},
  year={2019},
  publisher={Nature Publishing Group UK London}
}


@article{xu2006filtered,
  title={Filtered back-projection in $4 pi $ Compton imaging with a single 3D position sensitive CdZnTe detector},
  author={Xu, Dan and He, Zhong},
  journal={IEEE Transactions on Nuclear Science},
  volume={53},
  number={5},
  pages={2787--2796},
  year={2006},
  publisher={IEEE}
}

@inproceedings{wilderman1998list,
  title={List-mode maximum likelihood reconstruction of Compton scatter camera images in nuclear medicine},
  author={Wilderman, Scott J and Clinthorne, Neal H and Fessler, Jeffrey A and Rogers, W Les},
  booktitle={1998 IEEE Nuclear Science Symposium Conference Record. 1998 IEEE Nuclear Science Symposium and Medical Imaging Conference (Cat. No. 98CH36255)},
  volume={3},
  pages={1716--1720},
  year={1998},
  organization={IEEE}
}



@article{kim2024comprehensive,
  title={A comprehensive review on Compton camera image reconstruction: From principles to AI innovations},
  author={Kim, Soo Mee and Lee, Jae Sung},
  journal={Biomedical Engineering Letters},
  volume={14},
  number={6},
  pages={1175--1193},
  year={2024},
  publisher={Springer}
}

@article{yamaya2011sipm,
  title={A SiPM-based isotropic-3D PET detector X'tal cube with a three-dimensional array of 1 mm3 crystals},
  author={Yamaya, Taiga and Mitsuhashi, Takayuki and Matsumoto, Takahiro and Inadama, Naoko and Nishikido, Fumihiko and Yoshida, Eiji and Murayama, Hideo and Kawai, Hideyuki and Suga, Mikio and Watanabe, Mitsuo},
  journal={Physics in Medicine \& Biology},
  volume={56},
  number={21},
  pages={6793},
  year={2011},
  publisher={IOP Publishing}
}


@article{kato2013novel,
  title={A novel gamma-ray detector with submillimeter resolutions using a monolithic MPPC array with pixelized Ce: LYSO and Ce: GGAG crystals},
  author={Kato, T and Kataoka, J and Nakamori, T and Miura, T and Matsuda, H and Kishimoto, A and Sato, K and Ishikawa, Y and Yamamura, K and Nakamura, S and others},
  journal={Nuclear Instruments and Methods in Physics Research Section A: Accelerators, Spectrometers, Detectors and Associated Equipment},
  volume={699},
  pages={235--241},
  year={2013},
  publisher={Elsevier}
}

@article{kishimoto2013development,
  title={Development of a dual-sided readout DOI-PET module using large-area monolithic MPPC-arrays},
  author={Kishimoto, Aya and Kataoka, Jun and Kato, Takuya and Miura, Takamasa and Nakamori, Takeshi and Kamada, Kei and Nakamura, Shigeyuki and Sato, Kenichi and Ishikawa, Yoshitaka and Yamamura, Kazuhisa and others},
  journal={IEEE Transactions on Nuclear Science},
  volume={60},
  number={1},
  pages={38--43},
  year={2013},
  publisher={IEEE}
}

@article{janecek2010simulating,
  title={Simulating scintillator light collection using measured optical reflectance},
  author={Janecek, Martin and Moses, William W},
  journal={IEEE Transactions on Nuclear Science},
  volume={57},
  number={3},
  pages={964--970},
  year={2010},
  publisher={IEEE}
}

@article{gluckman2002rectified,
  title={Rectified catadioptric stereo sensors},
  author={Gluckman, Joshua and Nayar, Shree K},
  journal={IEEE transactions on pattern analysis and machine intelligence},
  volume={24},
  number={2},
  pages={224--236},
  year={2002},
  publisher={IEEE}
}

@inproceedings{bangay2004kaleidoscope,
  title={Kaleidoscope configurations for reflectance measurement},
  author={Bangay, Shaun and Radloff, Judith D},
  booktitle={Proceedings of the 3rd international conference on Computer graphics, virtual reality, visualisation and interaction in Africa},
  pages={161--170},
  year={2004}
}

@article{mitsumoto19923,
  title={3-D reconstruction using mirror images based on a plane symmetry recovering method},
  author={Mitsumoto, Hiroshi and Tamura, Shinichi and Okazaki, Kozo and Kajimi, Naoki and Fukui, Yutaka},
  journal={IEEE Transactions on Pattern Analysis \& Machine Intelligence},
  volume={14},
  number={09},
  pages={941--946},
  year={1992},
  publisher={IEEE Computer Society}
}

@article{takahashi2021structure,
  title={Structure of multiple mirror system from kaleidoscopic projections of single 3D point},
  author={Takahashi, Kosuke and Nobuhara, Shohei},
  journal={IEEE Transactions on Pattern Analysis and Machine Intelligence},
  volume={44},
  number={9},
  pages={5602--5617},
  year={2021},
  publisher={IEEE}
}

@article{schonfelder1984imaging,
  title={The imaging Compton telescope COMPTEL on the gamma ray observatory},
  author={Schonfelder, V and Diehl, R and Lichti, GG and Steinle, H and Swanenburg, BN and Deerenberg, AJM and Aarts, H and Lockwood, J and Webber, W and Macri, J and others},
  journal={IEEE Transactions on Nuclear Science},
  volume={31},
  number={1},
  pages={766--770},
  year={1984},
  publisher={IEEE}
}

@article{gebru2016algorithms,
  title={EM algorithms for weighted-data clustering with application to audio-visual scene analysis},
  author={Gebru, Israel Dejene and Alameda-Pineda, Xavier and Forbes, Florence and Horaud, Radu},
  journal={IEEE transactions on pattern analysis and machine intelligence},
  volume={38},
  number={12},
  pages={2402--2415},
  year={2016},
  publisher={IEEE}
}

@article{ikeda2021development,
  title={Development of convolutional neural networks for an electron-tracking Compton camera},
  author={Ikeda, Tomonori and Takada, Atsushi and Abe, Mitsuru and Yoshikawa, Kei and Tsuda, Masaya and Ogio, Shingo and Sonoda, Shinya and Mizumura, Yoshitaka and Yoshida, Yura and Tanimori, Toru},
  journal={Progress of Theoretical and Experimental Physics},
  volume={2021},
  number={8},
  pages={083F01},
  year={2021},
  publisher={Oxford University Press}
}

@article{takada2005development,
  title={Development of an advanced Compton camera with gaseous TPC and scintillator},
  author={Takada, A and Hattori, K and Kubo, H and Miuchi, K and Nagayoshi, T and Nishimura, H and Okada, Y and Orito, R and Sekiya, H and Tada, A and others},
  journal={Nuclear Instruments and Methods in Physics Research Section A: Accelerators, Spectrometers, Detectors and Associated Equipment},
  volume={546},
  number={1-2},
  pages={258--262},
  year={2005},
  publisher={Elsevier}
}

@inproceedings{baker2014scintillator,
  title={Scintillator efficiency study with MeV x-rays},
  author={Baker, Stuart and Brown, Kristina and Curtis, Alden and Lutz, Stephen S and Howe, Russell and Malone, Robert and Mitchell, Stephen and Danielson, Jeremy and Haines, Todd and Kwiatkowski, Kris},
  booktitle={Hard X-Ray, Gamma-Ray, and Neutron Detector Physics XVI},
  volume={9213},
  pages={78--87},
  year={2014},
  organization={SPIE}
}

@article{balasubramanian2022x,
  title={X-ray scintillator lens-coupled with CMOS camera for pre-clinical cardiac vascular imaging—A feasibility study},
  author={Balasubramanian, Swathi Lakshmi and Krishnamurthi, Ganapathy},
  journal={Plos one},
  volume={17},
  number={2},
  pages={e0262913},
  year={2022},
  publisher={Public Library of Science San Francisco, CA USA}
}

@article{pleinert1997design,
  title={Design of a new CCD-camera neutron radiography detector},
  author={Pleinert, Helena and Lehmann, Eberhard and K{\"o}rner, Sonja},
  journal={Nuclear Instruments and Methods in Physics Research Section A: Accelerators, Spectrometers, Detectors and Associated Equipment},
  volume={399},
  number={2-3},
  pages={382--390},
  year={1997},
  publisher={Elsevier}
}

@article{adams2017gamma,
  title={Gamma radiography and tomography with a CCD camera and Co-60 source},
  author={Adams, Robert and Zboray, Robert},
  journal={Applied Radiation and Isotopes},
  volume={127},
  pages={82--86},
  year={2017},
  publisher={Elsevier}
}

@article{mascarenhas2009results,
  title={Results with the neutron scatter camera},
  author={Mascarenhas, Nicholas and Brennan, James and Krenz, Kevin and Marleau, Peter and Mrowka, Stanley},
  journal={IEEE Transactions on Nuclear Science},
  volume={56},
  number={3},
  pages={1269--1273},
  year={2009},
  publisher={IEEE}
}

@inproceedings{mascarenhas2006development,
  title={Development of a neutron scatter camera for fission neutrons},
  author={Mascarenhas, Nick and Brennan, Jim and Krenz, Kevin and Lund, Jim and Marleau, Peter and Rasmussen, Julia and Ryan, Jim and Macri, John},
  booktitle={2006 IEEE Nuclear Science Symposium Conference Record},
  volume={1},
  pages={185--188},
  year={2006},
  organization={IEEE}
}

@article{weinfurther2018model,
  title={Model-based design evaluation of a compact, high-efficiency neutron scatter camera},
  author={Weinfurther, Kyle and Mattingly, John and Brubaker, Erik and Steele, John},
  journal={Nuclear Instruments and Methods in Physics Research Section A: Accelerators, Spectrometers, Detectors and Associated Equipment},
  volume={883},
  pages={115--135},
  year={2018},
  publisher={Elsevier}
}

@inproceedings{marleau2007advances,
  title={Advances in imaging fission neutrons with a neutron scatter camera},
  author={Marleau, Peter and Brennan, James and Krenz, Kevin and Mascarenhas, Nicholas and Mrowka, Stanley},
  booktitle={2007 IEEE Nuclear Science Symposium Conference Record},
  volume={1},
  pages={170--172},
  year={2007},
  organization={IEEE}
}

@article{ros2014retroreflector,
  title={Retroreflector arrays for better light collection efficiency of$\gamma$-ray imaging detectors with continuous scintillation crystals without DOI misestimation},
  author={Ros, A and Lerche, Ch W and Sebastia, A and Sanchez, F and Benlloch, JM},
  journal={Journal of Instrumentation},
  volume={9},
  number={04},
  pages={P04009},
  year={2014},
  publisher={IOP Publishing}
}

@article{heemskerk2009micro,
  title={A micro-machined retro-reflector for improving light yield in ultra-high-resolution gamma cameras},
  author={Heemskerk, Jan WT and Korevaar, Marc AN and Kreuger, Rob and Ligtvoet, CM and Schotanus, Paul and Beekman, Freek J},
  journal={Physics in Medicine \& Biology},
  volume={54},
  number={10},
  pages={3003},
  year={2009},
  publisher={IOP Publishing}
}

@article{trigila2021optimization,
  title={Optimization of scintillator--reflector optical interfaces for the LUT Davis model},
  author={Trigila, Carlotta and Roncali, Emilie},
  journal={Medical physics},
  volume={48},
  number={9},
  pages={4883--4899},
  year={2021},
  publisher={Wiley Online Library}
}

@article{roncali2017integrated,
  title={An integrated model of scintillator-reflector properties for advanced simulations of optical transport},
  author={Roncali, Emilie and Stockhoff, Mariele and Cherry, Simon R},
  journal={Physics in Medicine \& Biology},
  volume={62},
  number={12},
  pages={4811},
  year={2017},
  publisher={IOP Publishing}
}

@article{beaumont2015high,
  title={High-intensity power-resolved radiation imaging of an operational nuclear reactor},
  author={Beaumont, Jonathan S and Mellor, Matthew P and Villa, Mario and Joyce, Malcolm J},
  journal={Nature Communications},
  volume={6},
  number={1},
  pages={8592},
  year={2015},
  publisher={Nature Publishing Group UK London}
}

@article{ryzewski2013neutron,
  title={Neutron imaging of archaeological bronzes at the Oak Ridge national laboratory},
  author={Ryzewski, Krysta and Herringer, S and Bilheux, H and Walker, Lakeisha and Sheldon, B and Voisin, S and Bilheux, J-C and Finocchiaro, V},
  journal={Physics Procedia},
  volume={43},
  pages={343--351},
  year={2013},
  publisher={Elsevier}
}

@article{menichelli2007scintillating,
  title={A scintillating fibres tracker detector for archaeological applications},
  author={Menichelli, M and Ansoldi, Stefano and Bari, M and Basset, M and Battiston, R and Blasko, S and Coren, F and Fiori, E and Giannini, G and Iugovaz, D and others},
  journal={Nuclear Instruments and Methods in Physics Research Section A: Accelerators, Spectrometers, Detectors and Associated Equipment},
  volume={572},
  number={1},
  pages={262--265},
  year={2007},
  publisher={Elsevier}
}

@article{gustschin2024event,
  title={Event-based high-resolution neutron image formation analysis using intensified CMOS cameras},
  author={Gustschin, Alex and Han, Yiyong and Losko, Adrian and Wolfertz, Alexander and Hussey, Daniel S and Szentmikl{\'o}si, L{\'a}szl{\'o} and Kis, Zolt{\'a}n and Trtik, Pavel and Boillat, Pierre and Kaestner, Anders and others},
  journal={Scientific Reports},
  volume={14},
  number={1},
  pages={26941},
  year={2024},
  publisher={Nature Publishing Group UK London}
}
